@BOOK{Knuth3,
author = "Дональд Э. Кнут",
title = "Искусство программирования",
address = "М.",
publisher = "И.Д. Вильямс",
year = 2012,
numpages = 832,
language = "russian"
}

@BOOK{Stephens,
      author = "Род Стивенс",
      title = "Алгоритмы. Теория и практическое применение",
      address = "Москва",
      publisher = "Издательство «Э»",
      year = 2016,
      numpages = 544,
      language = "russian"
}
 
@online{testing:website,
      author = "Wikipedia",
      TITLE = "Software testing",
      url = {https://en.wikipedia.org/wiki/Softwate_testing}
}

@online{cocktailsort:wiki,
      author = "Wikipedia",
      title = "Cocktail shaker sort",
      url = {https://en.wikipedia.org/wiki/Cocktail_shaker_sort}
}

@online{inssort:wiki,
      author = "Wikipedia",
      title = "Insertion sort",
      url = {https://en.wikipedia.org/wiki/Insertion_sort}
}

@online{mergesort:wiki,
      author = "Wikipedia",
      title = "Merge sort",
      url = {https://en.wikipedia.org/wiki/Merge_sort}
}

@online{sortagain:website,
      author = "Алексей Горьков",
      title = "Ещё раз про сортировку",
      url = {https://habrahabr.ru/post/104697/}
}